<?xml version="1.0" encoding="UTF-8"?>
<Document xmlns:xsi="http://www.w3.org/2001/XMLSchema-instance" xmlns="urn:iso:std:iso:20022:tech:xsd:pain.001.001.03" xsi:schemaLocation="urn:iso:std:iso:20022:tech:xsd:pain.001.001.03 pain.001.001.03.xsd">
	<CstmrCdtTrfInitn>
		<GrpHdr>
			<MsgId>BATCH ID pain001</MsgId>
			<CreDtTm>2016-01-01T03:11:48.623</CreDtTm>
			<Authstn>
				<Prtry>BATCH</Prtry>
			</Authstn>
			<NbOfTxs>1</NbOfTxs>
			<CtrlSum>3.00</CtrlSum>
			<InitgPty>
				<Nm>NAZOV PLATITELA</Nm>
			</InitgPty>
		</GrpHdr>
		<PmtInf>
			<PmtInfId>PMTID</PmtInfId>
			<PmtMtd>TRF</PmtMtd>
			<PmtTpInf>
				<InstrPrty>NORM</InstrPrty>
				<SvcLvl>
					<Cd>SEPA</Cd>
				</SvcLvl>
			</PmtTpInf>
			<ReqdExctnDt>2016-01-01</ReqdExctnDt>
			<Dbtr>
				<Nm>NAZOV PLATITELA 1</Nm>
			</Dbtr>
			<DbtrAcct>
				<Id>
					<IBAN>SK8011000000002900000013</IBAN>
				</Id>
			</DbtrAcct>
			<DbtrAgt>
				<FinInstnId>
					<BIC>TATRSKBX</BIC>
				</FinInstnId>
			</DbtrAgt>
			<ChrgBr>SLEV</ChrgBr>
			<CdtTrfTxInf>
				<PmtId>
					<EndToEndId>REFERENCIA PLATITELA 1</EndToEndId>
				</PmtId>
				<Amt>
					<InstdAmt Ccy="EUR">1.00</InstdAmt>
				</Amt>
				<ChrgBr>SLEV</ChrgBr>
				<CdtrAgt>
					<FinInstnId>
						<BIC>TATRSKBX</BIC>
					</FinInstnId>
				</CdtrAgt>
				<Cdtr>
					<Nm>NAZOV PRIJEMCU 1</Nm>
				</Cdtr>
				<CdtrAcct>
					<Id>
						<IBAN>SK8011000000002900000013</IBAN>
					</Id>
				</CdtrAcct>
				<RmtInf>
					<Ustrd>INFORMACIA PRE PRIJEMCU PLATBA c.1</Ustrd>
				</RmtInf>
				</CdtTrfTxInf>
				</PmtInf>
				<PmtInf>
			<PmtInfId>PMTID</PmtInfId>
			<PmtMtd>TRF</PmtMtd>
			<PmtTpInf>
				<InstrPrty>NORM</InstrPrty>
				<SvcLvl>
					<Cd>SEPA</Cd>
				</SvcLvl>
			</PmtTpInf>
			<ReqdExctnDt>2016-01-01</ReqdExctnDt>
			<Dbtr>
				<Nm>NAZOV PLATITELA 2</Nm>
			</Dbtr>
			<DbtrAcct>
				<Id>
					<IBAN>SK8011000000002900000013</IBAN>
				</Id>
			</DbtrAcct>
			<DbtrAgt>
				<FinInstnId>
					<BIC>TATRSKBX</BIC>
				</FinInstnId>
			</DbtrAgt>
			<ChrgBr>SLEV</ChrgBr>
			<CdtTrfTxInf>
				<PmtId>
					<EndToEndId>REFERENCIA PLATITELA 2</EndToEndId>
				</PmtId>
				<Amt>
					<InstdAmt Ccy="EUR">2.00</InstdAmt>
				</Amt>
				<ChrgBr>SLEV</ChrgBr>
				<CdtrAgt>
					<FinInstnId>
						<BIC>TATRSKBX</BIC>
					</FinInstnId>
				</CdtrAgt>
				<Cdtr>
					<Nm>NAZOV PRIJEMCU 2</Nm>
				</Cdtr>
				<CdtrAcct>
					<Id>
						<IBAN>SK801100000000290000013</IBAN>
					</Id>
				</CdtrAcct>
				<RmtInf>
					<Ustrd>INFORMACIA PRE PRIJEMCU PLATBA c.2</Ustrd>
				</RmtInf>
				</CdtTrfTxInf>
				</PmtInf>
	</CstmrCdtTrfInitn>
</Document>